@book{adaptacionUNED,
  author = 	 {Samuel Gento Palacios, Mercedes Sánchez Sáinz, Sidi M. Lakhdar},
  title = 	 {Diseño y ejecución de planes, proyectos y adaptaciones curriculares para el tratamiento educativo de la diversidad.},
  publisher = 	 {Universidad Nacional de Educación a Distancia},
  year = 	 2010
}

@electronic{pipelineRedHat,
  author = {RedHat},
  year = {2022},
  title = {www.redhat.com/en/topics/devops/what-cicd-pipeline}
}